@Book{mes:XTP,
ALTauthor = "Meszaros, {Gerard}",
ALTeditor = {},
title = {xUnit Test Patterns},
publisher = {Addison-Wesley},
year = {2007},
OPTkey = {},
OPTvolume = {},
OPTnumber = {},
OPTseries = {Martin-Fowler signature},
OPTaddress = {},
OPTedition = {},
OPTmonth = {may},
OPTnote = {},
OPTannote = {},
OPTurl = {http://xunitpatterns.com/},
OPTdoi = {},
OPTissn = {},
OPTlocalfile = {},
OPTabstract = {}
}
@MastersThesis{rei:ATQ,
author = "Reichart, {Stefan}",
title = {Assessing Test Quality},
school = {Universitat Bern},
year = {2007},
OPTkey = {},
OPTtype = {},
OPTaddress = {},
OPTmonth = {april},
OPTnote = {},
OPTannote = {},
OPTurl = {http://www.iam.unibe.ch/~scg/Archive/Diploma/Reic07b.pdf},
OPTdoi = {},
OPTissn = {},
OPTlocalfile = {},
OPTabstract = {}
}
@InProceedings{deu:RTC,
  author =       "Deursen, {Arie van} and Leon Moonen and 
                  Bergh, {Alex van den} and Gerard Kok",
  title =        {Refactoring Test Code},
  booktitle =    {Proceedings of the 2nd International Conference on
                  Extreme Programming and Flexible Processes in
                  Software Engineering (XP2001)},
  year =         {2001},
  editor =       {M. Marchesi and G. Succi},
  month =        {may},
}
@Article{rom:OTDOTS,
author = "Rompaey, {Bart van} and Bois, {Bart du} and Demeyer, {Serge} and Rieger, {Matthias}",
title = {On The Detection of Test Smells: A Metrics-Based Approach for General Fixture and Eager Test},
journal = {IEEE Transactions on Software Engineering},
year = {2007},
OPTkey = {},
OPTvolume = {33},
OPTnumber = {12},
OPTpages = {800--817},
OPTmonth = {12},
OPTnote = {},
OPTannote = {},
OPTurl = {http://doi.ieeecomputersociety.org/10.1109/TSE.2007.70745},
OPTdoi = {},
OPTissn = {},
OPTlocalfile = {},
OPTabstract = {}
}
@Unpublished{manu:TSMELLS,
author = "Breugelmans, {Manuel}",
title = {TSmells},
note = {Bachelor Project},
OPTkey = {},
OPTmonth = {june},
OPTyear = {2008},
OPTannote = {},
OPTurl = {http://tsmells.googlecode.com},
OPTdoi = {},
OPTissn = {},
OPTlocalfile = {},
OPTabstract = {}
}